@misc{swagger,
    title = "Swagger: API Documentation \& Design Tools for Teams",
    howpublished  = {\url{https://swagger.io/}},
    note = "(Accessed: 2025-05-17)"
}
